<record><leader>00000cas a22000007a 4500</leader><controlfield tag="001">11521835</controlfield><controlfield tag="008">841221d18751910wiuwr ne      0    0eng d</controlfield><datafield ind1=" " ind2=" " tag="010"><subfield code="a">sn 84025645 </subfield></datafield><datafield ind1=" " ind2=" " tag="040"><subfield code="a">NPV</subfield><subfield code="b">eng</subfield><subfield code="c">NPV</subfield><subfield code="d">NPX</subfield><subfield code="d">OCLCQ</subfield></datafield><datafield ind1=" " ind2=" " tag="042"><subfield code="a">msc</subfield></datafield><datafield ind1=" " ind2=" " tag="043"><subfield code="a">n-us-wi</subfield></datafield><datafield ind1=" " ind2=" " tag="045"><subfield code="a">w7x1</subfield></datafield><datafield ind1=" " ind2=" " tag="052"><subfield code="a">4123</subfield><subfield code="b">B9</subfield></datafield><datafield ind1="0" ind2="0" tag="245"><subfield code="a">Burnett County sentinel.</subfield></datafield><datafield ind1=" " ind2=" " tag="260"><subfield code="a">Grantsburg, Wis. :</subfield><subfield code="b">M. Wescott,</subfield><subfield code="c">-1910.</subfield></datafield><datafield ind1=" " ind2=" " tag="300"><subfield code="a">35 v. :</subfield><subfield code="b">ill. ;</subfield><subfield code="c">56 cm.</subfield></datafield><datafield ind1=" " ind2=" " tag="310"><subfield code="a">Weekly</subfield></datafield><datafield ind1="0" ind2=" " tag="362"><subfield code="a">-v. 35, no. 50 (Jan. 27, 1910).</subfield></datafield><datafield ind1="1" ind2=" " tag="362"><subfield code="a">Began with Feb. 12, 1875 issue.</subfield><subfield code="z">Cf. Oehlerts, d. Guide to Wis. newspapers.</subfield></datafield><datafield ind1=" " ind2=" " tag="500"><subfield code="a">"Devoted to the interests of the upper St. Croix Valley."</subfield></datafield><datafield ind1=" " ind2=" " tag="500"><subfield code="a">Publisher varies.</subfield></datafield><datafield ind1=" " ind2=" " tag="500"><subfield code="a">Editor: M. Wescott, &lt;Aug. 20, 1875&gt;-Feb. 25, 1876.--W.E. Talboys, Mar. 3, 1876-Sept. 7, 1888.--G.A. Olson, Sept. 14, 1888-1891.--A.M. Anderson, Jan. 1, 1892-Sept. 24, 1896.--W. Hoffstead, Oct. 1, 1896-Apr. 18, 1901.--Ahlstrom &amp; Myrland, Apr. 26, 1901-May 11, 1905.--Myrland &amp; Fisher, May 18, 1905-Dec. 3, 1908.</subfield></datafield><datafield ind1=" " ind2=" " tag="530"><subfield code="a">Available on microfilm from the State Historical Society of Wisconsin.</subfield></datafield><datafield ind1=" " ind2=" " tag="588"><subfield code="a">Description based on: Vol. 1, no. 28 (Aug. 20, 1875).</subfield></datafield><datafield ind1=" " ind2=" " tag="752"><subfield code="a">United States</subfield><subfield code="b">Wisconsin</subfield><subfield code="c">Burnett</subfield><subfield code="d">Grantsburg.</subfield></datafield><datafield ind1="0" ind2="7" tag="785"><subfield code="t">Journal of Burnett County</subfield></datafield><datafield ind1="0" ind2="7" tag="785"><subfield code="t">Journal of Burnett County and Burnett County sentinel</subfield></datafield></record>